@book{wolbachia,
    author = "A. Hoerauf and R. U. Rao",
    title = "Wolbachia: A Bug's Life in Another Bug",
    pages = "3"
}

@article{Wbio,
    author = "John H. Werren",
    title = "Biology of Wolbachia",
    pages = "1"
}

@inbook{Wdisc_nem,
    author = "Wieslaw J. Kozek and Ramakrishna U. Rao",
    title = "The Discovery of Wolbachia in Arthorpods and Nematodes - A Historical Perspective",
    booktitle = "Wolbachia: A Bug's Life in Another Bug",
    pages = "1"
}

@article{Winit,
    author = "Hertig, M. and Wolbach, S.B.",
    title = "Studies on Rickettsia-Like Microorganisms in Insects",
    date = "1924",
    journaltitle = "J. Med. Res.",
    pages = "329-74"
}

@article{Wdiscription,
    author = "Marshall Hertig",
    title = "The Rickettsia, Wolbachia pipientis (gen. et sp.n.) and Associated Inclusions of the Mosquito, Culex pipiens",
}




